
@www{abrago,
      title  = "O que é Go",
      author = "Associação Brasileira de Go",
      urlaccessdate = "\today",
      url    = "https://abrago.org/"
}



\begin{thebibliography}{1}

\bibitem{IEC2014}
White paper\emph{Internet of Things: Wireless Sensor Networks}, International Electrontechnical Commission (IEC), EC WP IoT:WSN:2014-11, 2014.
@article{IEC2014,
  title={Internet of things: wireless sensor networks},
  author={Yinbiao, Shu and Lanctot, P and Jianbin, Fan},
  journal={White Paper, International Electrotechnical Commission, http://www. iec. ch},
  year={2014}
}

\bibitem{Son2009}
Son, V.Q., Wenning, B.-L., Timm-Giel, A. , Görg, C.: \emph{A Model of Wireless Sensor Networks using Context-Awareness in Logistic Applications}. Proceedings of the 9th International Conference on Intelligent Transport System Telecommunications (ITST 09), pp. 2-7, 2009
@inproceedings{Son2009,
  title={A model of wireless sensor networks using context-awareness in logistic applications},
  author={Son, Vo Que and Wenning, Bernd-Ludwig and Timm-Giel, Andreas and G{\"o}rg, Carmelita},
  booktitle={Intelligent Transport Systems Telecommunications,(ITST), 2009 9th International Conference on},
  pages={2--7},
  year={2009},
  organization={IEEE}
}

\bibitem{Akyildiz2009}
Akyildiz, Ian F. and Wang X. \emph{Wireless mesh networks}, Advanced Texts in Communications and Networking, WILEY, John Wiley and Sons, 2009.
@article{Akyildiz2009,
  title={Wireless Mesh Networks (Advanced Texts in Communications and Networking)},
  author={Akyildiz, Ian and Wang, Xudong},
  year={2007},
  publisher={John Wiley \& Sons}
}

\bibitem{Piezhao2008}
Hu, P. and Robinson R. \emph{Context-Aware Routing in Wireless Mesh Networks}, 2008.
@inproceedings{Piezhao2008,
  title={Context-aware routing in wireless mesh networks},
  author={Hu, Peizhao and Portmann, Marius and Robinson, Ricky and Indulska, Jadwiga},
  booktitle={Proceedings of the 2nd ACM international conference on Context-awareness for self-managing systems},
  pages={16--23},
  year={2008},
  organization={ACM}
}

\bibitem{Matos2013}
Matos, R., Sargento, S., A. Hummel, K., Hess, A., Tutschku, K. and De Meer, H., \emph{Context-based wireless mesh networks: A case for network virtualization}. Telecommunication Systems, Volume 52, Number 3, 2013.
@article{Matos2013,
  title={Context-based wireless mesh networks: a case for network virtualization},
  author={Matos, Ricardo and Sargento, Susana and Hummel, Karin Anna and Hess, Andrea and Tutschku, Kurt and de Meer, Hermann},
  journal={Telecommunication Systems},
  volume={51},
  number={4},
  pages={259--272},
  year={2012},
  publisher={Springer}
}

\bibitem{Bhagwat2003}
P. Bhagwat, B. Raman, and D. Sanghi, \emph{Turning 802.11 Inside-Out}, in
Proc. of HotNets, Cambridge, MA, Nov. 2003.
@article{Bhagwat2003,
  title={Turning 802.11 inside-out},
  author={Bhagwat, Pravin and Raman, Bhaskaran and Sanghi, Dheeraj},
  journal={ACM SIGCOMM Computer Communication Review},
  volume={34},
  number={1},
  pages={33--38},
  year={2004},
  publisher={ACM}
}

\bibitem{Johnson2007}
D. Johnson, \emph{Evaluation of a single radio rural mesh network in South
Africa}, in ICTD, Bangalore, India, Dec. 2007.
@inproceedings{Johnson2007,
  title={Evaluation of a single radio rural mesh network in South Africa},
  author={Johnson, David},
  booktitle={Information and Communication Technologies and Development, 2007. ICTD 2007. International Conference on},
  pages={1--9},
  year={2007},
  organization={IEEE}
}

\bibitem{Leon2015}
Leon, J. C. A., \emph{Evaluation of IEEE 802.11ah Technology for Wireless Sensor Network Applications}, Master of Science Thesis, Tampere University of Technology, 2015.
@article{Leon2015,
  title={Evaluation of IEEE 802.11 ah Technology for Wireless Sensor Network Applications},
  author={Araiza Leon, Julio Cesar},
  year={2015}
}

\bibitem{Holter2010}
Holter, K., Hafslund, A. Frank Y. Li, and Ovsthus, K., \emph{Design and Implementation of Wireless OSPF for Mobile Ad Hoc Networks}, http://www.unik.no/personer/paalee/
UiO: Institutt for teknologisystemer, 2010.
@inproceedings{Holter2010,
  title={Design and implementation of wireless OSPF for mobile ad hoc networks},
  author={Holter, Kenneth and Hafslund, Andreas and Li, Frank Y and {\O}vsthus, Knut},
  booktitle={Scandinavian Workshop on Wireless Ad-hoc Networks (ADHOC 06)},
  year={2005}
}

\bibitem{Fuertes2012}
Fuerts, J. A. C., Philipp, M., Baccelli, E., \emph{Routing Across Wired
and Wireless Mesh Networks: Experimental Compound Internetworking with OSPF}. The 8th International Wireless Communications and Mobile Computing Conference, Aug 2012, Limassol, Cyprus. 2012.
@inproceedings{Fuertes2012,
  title={Routing across wired and wireless mesh networks: Experimental compound internetworking with OSPF},
  author={Fuertes, Juan Antonio Cordero and Philipp, Matthias and Baccelli, Emmanuel},
  booktitle={Wireless Communications and Mobile Computing Conference (IWCMC), 2012 8th International},
  pages={739--745},
  year={2012},
  organization={IEEE}
}

\bibitem{Prashanth2015}
Prashanth, A. K. A., Johnson, D. L., Belding, E. M., \emph{Gateway-aware Routing for Wireless Mesh Networks}, 2015.
@inproceedings{Prashanth2015,
  title={Gateway-aware routing for wireless mesh networks},
  author={Acharya, Prashanth AK and Johnson, David L and Belding, Elizabeth M},
  booktitle={Mobile Adhoc and Sensor Systems (MASS), 2010 IEEE 7th International Conference on},
  pages={564--569},
  year={2010},
  organization={IEEE}
}

\bibitem{Shio2010}
Singh, S. K., Singh, M. P., Singh, D. K., \emph{Routing Protocols in Wireless Sensor Networks - A Survey}, International Journal of Computer Science and Engineering Survey (IJCSES) Vol.1, No.2, November 2010.
@inproceedings{Shio2010,
  title={Routing protocols in wireless sensor networks: A survey},
  author={Goyal, Deepak and Tripathy, Malay Ranjan},
  booktitle={Advanced Computing \& Communication Technologies (ACCT), 2012 Second International Conference on},
  pages={474--480},
  year={2012},
  organization={IEEE}
}


\bibitem{Mishra2004}
Mishra, R. \emph{The Temperature Ratings Of Electronic Parts}, Design, Materials, Compounds, Adhesives, Substrates, Number 1, Semiconductor, Test and Measurement, Volume 10, 2004.
@article{Mishra2004,
  title={The temperature ratings of electronic parts},
  author={Mishra, R and Keimasi, M and Das, D},
  journal={Electronics Cooling},
  volume={10},
  number={1},
  pages={20},
  year={2004},
  publisher={FLOMERICS LIMITED}
}


\end{thebibliography}